@article{economides1993hotelling,
  title={HOTELLING'S "MAIN STREET" WITH MORE THAN TWO COMPETITORS*},
  author={Economides, Nicholas},
  journal={Journal of Regional Science},
  volume={33},
  number={3},
  pages={303--319},
  year={1993},
  publisher={Wiley Online Library}
}

@book{heufer2011washroom,
  title={The washroom game},
  author={Heufer, Jan},
  number={293},
  year={2011},
  publisher={Ruhr Economic Papers}
}

@incollection{hotelling1990stability,
  title={Stability in competition},
  author={Hotelling, Harold},
  booktitle={The Economic Journal},
  year={1929},
  pages={41-57}
}

@inproceedings{kranakis2010urinal,
  title={The urinal problem},
  author={Kranakis, Evangelos and Krizanc, Danny},
  booktitle={Fun with Algorithms},
  pages={284--295},
  year={2010},
  organization={Springer}
}

@incollection{zhao2008isolation,
  title={The isolation game: A game of distances},
  author={Zhao, Yingchao and Chen, Wei and Teng, Shang-Hua},
  booktitle={Algorithms and Computation},
  pages={148--158},
  year={2008},
  publisher={Springer}
}
