@article{berkovich2013observed,
  title={Observed Customer Seating and Standing Behavior and Seat Preferences on Board Subway Cars in New York City},
  author={Berkovich, Aaron and Lu, Alex and Levine, Brian and Reddy, Alla V},
  journal={Transportation Research Record: Journal of the Transportation Research Board},
  volume={2353},
  number={1},
  pages={33--46},
  year={2013},
  publisher={Trans Res Board}
}

@article{evans2007crowding,
  title={Crowding and personal space invasion on the train: Please don?t make me sit in the middle},
  author={Evans, Gary W and Wener, Richard E},
  journal={Journal of Environmental Psychology},
  volume={27},
  number={1},
  pages={90--94},
  year={2007},
  publisher={Elsevier}
}

@article{hai1982sex,
  title={Sex and the single armrest: Use of personal space during air travel},
  author={Hai, Dorothy M and Khairullah, Zahid Y and Coulmas, Nancy},
  journal={Psychological Reports},
  volume={51},
  number={3},
  pages={743--749},
  year={1982},
  publisher={Ammons Scientific}
}

@article{maines1979ecological,
  title={Ecological and negotiation processes in New York subways},
  author={Maines, David R},
  journal={The Journal of Social Psychology},
  volume={108},
  number={1},
  pages={29--36},
  year={1979},
  publisher={Taylor \& Francis}
}

@ONLINE{MTAFacts,
author = {MTA},
title = {Subway and Bus Ridership},
year = {2013},
url = {http://web.mta.info/nyct/facts/ridership/},
}

